@Book{Hartley00,
  author       = "Hartley, R.~I. and Zisserman, A.",
  title        = "Multiple View Geometry in Computer Vision",
  year         = "2000",
  publisher    = "Cambridge University Press, ISBN: 0521623049",
}

@book{hartley_multiple_2003,
	address = {Cambridge, {UK;} New York},
	title = {Multiple view geometry in computer vision},
	language = {English},
	urldate = {2013-08-23},
	publisher = {Cambridge University Press},
	author = {Hartley, Richard and Zisserman, Andrew},
	year = {2003}
},

@ARTICLE{forsyth_91,
author={Forsyth, D. and Mundy, J.L. and Zisserman, A. and Coelho, C. and Heller, A. and Rothwell, C.},
journal={Pattern Analysis and Machine Intelligence, IEEE Transactions on},
title={Invariant descriptors for 3D object recognition and pose},
year={1991},
volume={13},
number={10},
pages={971--991}
},

@book{luhmann_close_2006,
	edition = {Revised edition},
	title = {Close Range Photogrammetry: Principles, Techniques and Applications: Principles, Methods and Applications},
	isbn = {1870325508},
	shorttitle = {Close Range Photogrammetry},
	publisher = {Whittles Publishing},
	author = {Luhmann, Thomas and Robson, Stuart and Harley, Stephen Kyle: Ian},
	month = oct,
	year = {2006}
},

@incollection{dhome_spatial_1990,
	title = {Spatial localization of modelled objects of revolution in monocular perspective vision},
	url = {http://link.springer.com/chapter/10.1007/BFb0014897},
	urldate = {2013-04-29},
	booktitle = {Computer {Vision{\textemdash}ECCV} 90},
	publisher = {Springer},
	author = {Dhome, Michel and Laprest{\'e}, Jean-Thierry and Rives, G{\'e}rard and Richetin, Marc},
	year = {1990},
	pages = {475{\textendash}485}
},


@article{safaee-rad_three-dimensional_1992,
	title = {Three-dimensional location estimation of circular features for machine vision},
	volume = {8},
	url = {http://ieeexplore.ieee.org/xpls/abs_all.jsp?arnumber=163786},
	number = {5},
	urldate = {2013-05-27},
	journal = {Robotics and Automation, {IEEE} Transactions on},
	author = {Safaee-Rad, Reza and Tchoukanov, Ivo and Smith, Kenneth Carless and Benhabib, Bensiyon},
	year = {1992},
	pages = {624{\textendash}640}
},

@inproceedings{quan_invariant_1995,
	title = {Invariant of a pair of non-coplanar conics in space: Definition, geometric interpretation and computation},
	shorttitle = {Invariant of a pair of non-coplanar conics in space},
	url = {http://ieeexplore.ieee.org/xpls/abs_all.jsp?arnumber=466836},
	urldate = {2013-09-17},
	booktitle = {Computer Vision, 1995. Proceedings., Fifth International Conference on},
	author = {Quan, Long},
	year = {1995},
	note = {00018},
	pages = {926{\textendash}931}
}
@article{quan_conic_1996,
	title = {Conic reconstruction and correspondence from two views},
	volume = {18},
	lccn = {0108},
	number = {2},
	urldate = {2013-03-21},
	journal = {Pattern Analysis and Machine Intelligence, {IEEE} Transactions on},
	author = {Quan, Long},
	year = {1996},
	pages = {151{\textendash}160}
},

@article{Ferri_1993,
 author = {Ferri, M. and Mangili, F. and Viano, G.},
 title = {Projective Pose Estimation of Linear and Quadratic Primitives in Monocular Computer Vision},
 journal = {CVGIP: Image Underst.},
 issue_date = {July 1993},
 volume = {58},
 number = {1},
 month = jul,
 year = {1993},
 issn = {1049-9660},
 pages = {66--84},
 numpages = {19},
 acmid = {167387},
 publisher = {Academic Press, Inc.},
 address = {Orlando, FL, USA}
},

@article{ying_camera_2007,
	title = {Camera calibration using principal-axes aligned conics},
	lccn = {0008},
	urldate = {2013-03-21},
	journal = {Computer {Vision{\textendash}ACCV} 2007},
	author = {Ying, Xianghua and Zha, Hongbin},
	year = {2007},
	pages = {138{\textendash}148},
},

@inproceedings{uchiyama_random_2011,
	title = {Random dot markers},
	urldate = {2013-08-01},
	booktitle = {Virtual Reality Conference ({VR)}, 2011 {IEEE}},
	author = {Uchiyama, Hideaki and Saito, Hideo},
	year = {2011},
	pages = {35{\textendash}38},
},

@inproceedings{uchiyama_deformable_2011,
	title = {Deformable random dot markers},	
	urldate = {2013-03-13},
	booktitle = {Mixed and Augmented Reality ({ISMAR)}, 2011 10th {IEEE} International Symposium on},
	author = {Uchiyama, Hideaki and Marchand, Eric},
	year = {2011},
	pages = {237{\textendash}238},
},

@article{pagani_circular_2011,
	title = {Circular markers for camera pose estimation},
	urldate = {2013-03-14},
	author = {Pagani, Alain and Koehler, Johannes and Stricker, Didier and Vision-{DFKI}, Augmented},
	year = {2011},
},

@inproceedings{naimark_circular_2002,
	title = {Circular data matrix fiducial system and robust image processing for a wearable vision-inertial self-tracker},
	urldate = {2013-03-14},
	booktitle = {Proceedings of the 1st International Symposium on Mixed and Augmented Reality},
	author = {Naimark, Leonid and Foxlin, Eric},
	year = {2002},
	pages = {27},
},

@PhDThesis{RusuDoctoralDissertation, 
	author = {Radu Bogdan Rusu}, 
	title = {Semantic 3D Object Maps for Everyday Manipulation in Human Living Environments}, 
	school = {Computer Science department, Technische Universitaet Muenchen, Germany}, 
	year = {2009}, 
	month = {October} 
},

@article{lo_pez_de_ipin_a_trip:_2002,
	title = {{TRIP:} A low-cost vision-based location system for ubiquitous computing},
	volume = {6},
	shorttitle = {{TRIP}},
	number = {3},
	urldate = {2013-03-14},
	journal = {Personal and Ubiquitous Computing},
	author = {Lo{\textbackslash}' pez de Ipin a, Diego and Mendon{\textbackslash}cca, Paulo {RS} and Hopper, Andy and Hopper, Andy},
	year = {2002},
	pages = {206{\textendash}219}
},


@article{fitzgibbon_direct_1999,
	title = {Direct least square fitting of ellipses},
	volume = {21},
	number = {5},
	urldate = {2013-03-14},
	journal = {Pattern Analysis and Machine Intelligence, {IEEE} Transactions on},
	author = {Fitzgibbon, Andrew and Pilu, Maurizio and Fisher, Robert B.},
	year = {1999},
	pages = {476{\textendash}480},
},


@inproceedings{werghi_pose_1996,
	title = {Pose estimation of objects based on circular patterns in monocular computer vision},
	urldate = {2014-04-09},
	booktitle = {{SPIE's} 1996 International Symposium on Optical Science, Engineering, and Instrumentation},
	publisher = {International Society for Optics and Photonics},
	author = {Werghi, Naoufel and Doignon, Christophe and Abba, Gabriel},
	year = {1996},
	note = {00002},
	pages = {254{\textendash}257},
},


@inproceedings{lowe_object_1999,
	title = {Object recognition from local scale-invariant features},
	volume = {2},
	urldate = {2013-08-25},
	booktitle = {Computer vision, 1999. The proceedings of the seventh {IEEE} international conference on},
	author = {Lowe, David G.},
	year = {1999},
	pages = {1150{\textendash}1157}
},

@inproceedings{chekhlov_ninja_2007,
	title = {Ninja on a Plane: Automatic Discovery of Physical Planes for Augmented Reality Using Visual {SLAM}},
	shorttitle = {Ninja on a Plane},
	booktitle = {6th {IEEE} and {ACM} International Symposium on Mixed and Augmented Reality, 2007. {ISMAR} 2007},
	author = {Chekhlov, D. and Gee, {A.P.} and Calway, A. and Mayol-Cuevas, W.},
	year = {2007},
	pages = {153--156},
},

@inproceedings{hinterstoisser_n3m:_2007,
	title = {N3m: Natural 3d markers for real-time object detection and pose estimation},
	shorttitle = {N3m},
	booktitle = {Computer Vision, 2007. {ICCV} 2007. {IEEE} 11th International Conference on},
	author = {Hinterstoisser, Stefan and Benhimane, Selim and Navab, Nassir},
	year = {2007},
	pages = {1{\textendash}7},
},

@book{lepetit_monocular_2005,
	title = {Monocular model-based 3d tracking of rigid objects: A survey},
	shorttitle = {Monocular model-based 3d tracking of rigid objects},
	urldate = {2013-08-26},
	publisher = {Now Publishers Inc},
	author = {Lepetit, Vincent and Fua, Pascal},
	year = {2005}
},

@InProceedings{Claus05,
  author       = "Claus, D. and Fitzgibbon, A.~W.",
  title        = "A Rational Function Lens Distortion Model for General
                 Cameras",
  booktitle    = "Proc. CVPR",
  year         = "2005",
  pages        = "213--219",
}

@InProceedings{Zhang96,
  author =	 "Z. Zhang",
  title =	 "On the Epipolar Geometry Between Two Images With
                  Lens Distortion",
  booktitle =	 "Proc. ICPR",
  year =	 "1996",
  pages =	 "407--411",
}

@InProceedings{Fitzgibbon01,
  author       = "Fitzgibbon, A.~W.",
  title        = "Simultaneous Linear Estimation of Multiple View
                 Geometry and Lens Distortion",
  booktitle    = "Proc. CVPR",
  year         = "2001"
}

@article{Brown71,
author = {D.~C. Brown},
title = {Close-range camera calibration},
journal = {Photogrammetric Eng.},
volume = 37,
number = 8,
pages = {855--866}, 
year = 1971
}

@article{Devernay01,
author = {F. Devernay and O. Faugeras},
title = {Straight lines have to be straight},
journal = {MVA},
volume = 13,
pages = {14--24}, 
year = 2001
}

@article{Swaminathan00,
author = {R. Swaminathan and S. Nayar},
title = {Nonmetric calibration of wide-angle lenses and polycameras},
journal = {IEEE T-PAMI},
volume = 22,
number = 10,
pages = {1172--1178}, 
year = 2000
}

@InProceedings{Tsai86,
  author =	 "Tsai, Y.~R.",
  title =	 "An Efficient and Accurate Camera Calibration
                  Technique for {3D} Machine Vision",
  booktitle =	 "Proc. CVPR",
  year =	 "1986",
}
